@article{zheng2020ai,
  title={The ai economist: Improving equality and productivity with ai-driven tax policies},
  author={Zheng, Stephan and Trott, Alexander and Srinivasa, Sunil and Naik, Nikhil and Gruesbeck, Melvin and Parkes, David C and Socher, Richard},
  journal={arXiv preprint arXiv:2004.13332},
  year={2020}
}
@book{sutton2018reinforcement,
  title={Reinforcement learning: An introduction},
  author={Sutton, Richard S and Barto, Andrew G},
  year={2018},
  publisher={MIT press}
}
@article{schulman2015high,
  title={High-dimensional continuous control using generalized advantage estimation},
  author={Schulman, John and Moritz, Philipp and Levine, Sergey and Jordan, Michael and Abbeel, Pieter},
  journal={arXiv preprint arXiv:1506.02438},
  year={2015}
}
@article{kingma2014adam,
  title={Adam: A method for stochastic optimization},
  author={Kingma, Diederik P and Ba, Jimmy},
  journal={arXiv preprint arXiv:1412.6980},
  year={2014}
}
@article{schulman2017proximal,
  title={Proximal policy optimization algorithms},
  author={Schulman, John and Wolski, Filip and Dhariwal, Prafulla and Radford, Alec and Klimov, Oleg},
  journal={arXiv preprint arXiv:1707.06347},
  year={2017}
}